@article{DECAS,
    title = {{DECAS: a modern data-driven decision theory for big data and analytics}},
    year = {2021},
    author = {Elgendy, Nada and Elragal, Ahmed and P{\"{a}}iv{\"{a}}rinta, Tero},
    url = {https://www.tandfonline.com/action/journalInformation?journalCode=tjds20},
    doi = {10.1080/12460125.2021.1894674},
    keywords = {Data-driven decision making, algorithmic decisions, analytics, automated decisions, big data, decision theory}
}

@article{Divan2017Data-drivenMaking,
    title = {{Data-driven decision making}},
    year = {2017},
    journal = {2017 International Conference on Infocom Technologies and Unmanned Systems: Trends and Future Directions, ICTUS 2017},
    author = {Divan, Mario Jose},
    month = {7},
    pages = {50--56},
    volume = {2018-January},
    publisher = {Institute of Electrical and Electronics Engineers Inc.},
    url = {https://www.researchgate.net/publication/323059235_Data-driven_decision_making},
    isbn = {9781538605141},
    doi = {10.1109/ICTUS.2017.8285973},
    keywords = {Data-Driven Decision Making, Evaluation, Measurement, Social Impact}
}

@incollection{Steele2020DecisionTheory,
    title = {{Decision Theory}},
    year = {2020},
    booktitle = {The Stanford Encyclopedia of Philosophy},
    author = {Steele, Katie and Stef{\'{a}}nsson, H Orri},
    editor = {Zalta, Edward N},
    edition = {Winter 2020},
    publisher = {Metaphysics Research Lab, Stanford University},
    howpublished = {https://plato.stanford.edu/archives/win2020/entries/decision-theory/}
}

@article{Langley1995OpeningStool,
    title = {{Opening up Decision Making: The View from the Black Stool}},
    year = {1995},
    journal = {https://doi.org/10.1287/orsc.6.3.260},
    author = {Langley, Ann and Mintzberg, Henry and Pitcher, Patricia and Posada, Elizabeth and Saint-Macary, Jan},
    number = {3},
    month = {6},
    pages = {260--279},
    volume = {6},
    publisher = { INFORMS },
    url = {https://pubsonline.informs.org/doi/abs/10.1287/orsc.6.3.260},
    doi = {10.1287/ORSC.6.3.260},
    issn = {1047-7039},
    keywords = {decision making, insight, networks}
}